@ARTICLE{2003RvMP...75..559P,
       author = {{Peebles}, P.~J. and {Ratra}, Bharat},
        title = "{The cosmological constant and dark energy}",
      journal = {Reviews of Modern Physics},
     keywords = {95.35.+d, 98.80.Jk, 14.20.Cv, 01.30.Rr, Dark matter, Mathematical and relativistic aspects of cosmology, Surveys and tutorial papers, resource letters, Astrophysics, General Relativity and Quantum Cosmology, High Energy Physics - Phenomenology, High Energy Physics - Theory},
         year = "2003",
        month = "Apr",
       volume = {75},
       number = {2},
        pages = {559-606},
          doi = {10.1103/RevModPhys.75.559},
archivePrefix = {arXiv},
       eprint = {astro-ph/0207347},
 primaryClass = {astro-ph},
       adsurl = {https://ui.adsabs.harvard.edu/abs/2003RvMP...75..559P},
      adsnote = {Provided by the SAO/NASA Astrophysics Data System}
}
@BOOK{2003biba.book.....S,
       author = {{Singh}, Simon},
        title = "{Big Bang: the Origin of the Universe}",
         year = "2004",
       adsurl = {https://ui.adsabs.harvard.edu/abs/2004biba.book.....S},
      adsnote = {Provided by the SAO/NASA Astrophysics Data System}
}
@book{kragh1999cosmology,
  title={Cosmology and controversy: The historical development of two theories of the universe},
  author={Kragh, Helge},
  year={1999},
  publisher={Princeton University Press}
}
@book{partridge20073k,
  title={3K: the cosmic microwave background radiation},
  author={Partridge, Robert B},
  volume={25},
  year={2007},
  publisher={Cambridge University Press}
}
