@book{finley1977aspects,
  title={Aspects of antiquity: discoveries and controversies},
  author={Finley, Moses I},
  year={1977},
  publisher={Viking Pr}
}
